@misc{scully1999quantum,
  title={Quantum optics},
  author={Scully, Marlan O and Zubairy, M Suhail},
  year={1999},
  publisher={AAPT}
}