%% This BibTeX bibliography file was created using BibDesk.
%% http://bibdesk.sourceforge.net/

%% Created for 陆思锐 at 2015-11-18 22:28:41 +0800 


%% Saved with string encoding Unicode (UTF-8) 



@book{jcwlsyjc,
	Author = {朱鹤年},
	Date-Added = {2015-11-18 14:24:59 +0000},
	Date-Modified = {2015-11-18 14:25:44 +0000},
	Publisher = {高等教育出版社},
	Title = {基础物理实验教程-物理测量的数据处理与实验设计},
	Year = {2003}}

@book{jcwlsyjy,
	Author = {{朱鹤年}},
	Publisher = {清华大学出版社},
	Title = {{新概念基础物理实验讲义}},
	Year = {2013}}
@article{王丽娟2009探究落球法测液体黏度实验中小球达匀速运动所需的时间,
	title={探究落球法测液体黏度实验中小球达匀速运动所需的时间},
	author={王丽娟 and 张平},
	journal={物理实验},
	volume={29},
	number={01},
	pages={37-39},
	year={2009},
}
@article{张兆钧1995用落球法测量η实验中小球下落速度的辨析,
	title={用落球法测量η实验中小球下落速度的辨析},
	author={张兆钧},
	journal={物理实验},
	number={05},
	year={1995},
}
@inproceedings{李向亭2009落球法测量粘滞系数中的边界问题——水立方的魔力之谜,
	title={落球法测量粘滞系数中的边界问题——水立方的魔力之谜},
	author={李向亭 and 张海燕 and 王瑗},
	booktitle={2009年全国高等学校物理基础课程教育学术研讨会},
	year={2009},
}
