@book{easley2010networks,
  title={Networks, crowds, and markets: Reasoning about a highly connected world},
  author={Easley, David and Kleinberg, Jon},
  year={2010},
  publisher={Cambridge University Press}
}

@article{newmannetworks,
  title={Networks: an introduction.},
  author={Newman, Mark},
  journal={United Slates: Oxford University Press Inc., New York},
  pages={1--2}
}

@book{jackson2010social,
  title={Social and economic networks},
  author={Jackson, Matthew O},
  year={2010},
  publisher={Princeton university press}
}