

%% Created using Papers on Thu, 22 Oct 2015.
%% http://papersapp.com/papers/

@book{jcwlsyjy,
author = {{朱鹤年}},
title = {{新概念基础物理实验讲义}},
publisher = {清华大学出版社},
year = {2013}
}

@article{谢国秋:1995wb,
author = {{谢国秋} and {叶松庆} and 师专, 徽州},
title = {{小角位移下的弹簧摆}},
journal = {安徽师范大学学报：自然科学版},
year = {1995},
volume = {03期},
pages = {92--95}
}

@article{李建华:1987wi,
author = {{李建华}},
title = {{弹簧摆的一个级数解}},
journal = {青海师范大学学报：自然科学版},
year = {1987},
volume = {02期}
}

@article{spring,
author = {{罗蔚茵}},
title = {{关于弹簧振子固有频率的进一步讨论}},
journal = {大学物理},
year = {1985},
volume = {4},
number = {11},
pages = {9--11}
}


