
@article{Jaynes:1957fy,
author = {Jaynes, E},
title = {{Information Theory and Statistical Mechanics}},
journal = {Physical Review},
year = {1957},
volume = {106},
number = {4},
pages = {620--630},
month = may
}


@article{Jaynes:1996wq,
author = {Jaynes, E},
title = {{Maximum Entropy: Matrix Formulation}},
year = {1996},
pages = {1--13},
month = nov
}

@article{pfeuty1970one,
  title={The one-dimensional Ising model with a transverse field},
  author={Pfeuty, Pierre},
  journal={ANNALS of Physics},
  volume={57},
  number={1},
  pages={79--90},
  year={1970},
  publisher={Elsevier}
}