@article{bravyi2010topological,
  title={Topological quantum order: stability under local perturbations},
  author={Bravyi, Sergey and Hastings, Matthew B and Michalakis, Spyridon},
  journal={Journal of mathematical physics},
  volume={51},
  number={9},
  pages={093512},
  year={2010},
  publisher={AIP}
}

@article{bravyi2011short,
  title={A short proof of stability of topological order under local perturbations},
  author={Bravyi, Sergey and Hastings, Matthew B},
  journal={Communications in mathematical physics},
  volume={307},
  number={3},
  pages={609--627},
  year={2011},
  publisher={Springer}
}

@article{bravyi3252analytic,
  title={Analytic and numerical demonstration of quantum self-correction in the 3d cubic code. 2011},
  author={Bravyi, Sergey and Haah, Jeongwan},
  journal={arXiv preprint arXiv:1112.3252}
}

@article{koenig2010quantum,
  title={Quantum computation with Turaev--Viro codes},
  author={Koenig, Robert and Kuperberg, Greg and Reichardt, Ben W},
  journal={Annals of Physics},
  volume={325},
  number={12},
  pages={2707--2749},
  year={2010},
  publisher={Elsevier}
}