@article{grassl2017codes,
  title={Codes for Simultaneous Transmission of Quantum and Classical Information},
  author={Grassl, Markus and Lu, Sirui and Zeng, Bei},
  journal={arXiv preprint arXiv:1701.06963},
  year={2017}
}

@Article{BDH06,
  author =   "Brun, Todd and Devetak, Igor and Hsieh, Min-Hsiu ",
  title =    "Correcting Quantum Errors with Entanglement",
  journal =    "Science",
  year =   "2006",
  OPTkey =   "",
  volume =   "314",
  number =   "5798",
  month =  oct,
  pages =  "436-439",
  OPTnote =    "",
  OPTannote =    "",
  DOI =    "10.1126/science.1131563"
}


@Article{Teleportation,
  author =   "Bennett, Charles H. and Brassard, Gilles and
                  Cr\'epeau, Claude and Jozsa, Richard and Peres,
                  Asher and Wootters, William K.",
  title =    "Teleporting an unknown quantum state via dual
                  classical and {E}instein-{P}odolsky-{R}osen channels", 
  journal =    "Physical Review Letters",
  year =   "1993",
  OPTkey =   "",
  volume =   "70",
  number =   "5798",
  month =  mar,
  pages =  "1895-1899",
  OPTnote =    "",
  OPTannote =    "",
  DOI =    "10.1103/PhysRevLett.70.1895"
}

@Article{BDH14,
  author =   "Brun, Todd and Devetak, Igor and Hsieh, Min-Hsiu ",
  title =    "Catalytic Quantum Error Correction",
  journal =    "IEEE Transactions on Information Theory",
  year =   "2014",
  OPTkey =   "",
  volume =   "60",
  number =   "6",
  month =  jun,
  pages =  "3073-3089",
  OPTnote =    "",
  OPTannote =    "",
  DOI =    "10.1109/TIT.2014.2313559"
}

@Unpublished{Lai16,
  author =   "Lai, Ching-Yi",
  title =    "Linear Programming Bounds for Entanglement-Assisted
                  Quantum Error-Correcting Codes by Split Weight Enumerators",
  note =   "arXiv:1602.00413 [cs.IT]",
  OPTkey =   "",
  year =   "2016",
  OPTmonth =   "",
  OPTannote =    "",
  URL =    "http://arxiv.org/abs/1602.00413"
}

@Article{Bow02,
  author =   "Bowen, Garry",
  title =    "Entanglement required in achieving
                  en\-tan\-gl\-ement-{}assisted channel capacities", 
  journal =    "Physical Review A",
  year =   "2002",
  OPTkey =   "",
  volume =   "66",
  number =   "6",
  month =  nov,
  pages =  "052313",
  OPTnote =    "",
  OPTannote =    "",
  DOI =    "10.1103/PhysRevA.66.052313"
}

@Article{BDSW96,
  author =   "Bennett, Charles H. and DiVincenzo, David P. and
                  Smolin, John A. and Wootters, William K.",
  title =    "Mixed-state entanglement and quantum error
                  correction",
  journal =    "Physical Review A",
  year =   "1996",
  OPTkey =   "",
  volume =   "54",
  number =   "6",
  month =  nov,
  pages =  "3824-3851",
  OPTnote =    "",
  OPTannote =    "",
  DOI =    "10.1103/PhysRevA.54.3824"
}

@Article{BBPS96,
  author =   "Bennett, Charles H. and Bernstein, Herbert J. and
                  Popescu, Sandu and Schumacher, Benjamin", 
  title =    "Concentrating partial entanglement by local
                  operations", 
  journal =    "Physical Review A",
  year =   "1996",
  OPTkey =   "",
  volume =   "53",
  number =   "6",
  month =  apr,
  pages =  "2046-2052",
  OPTnote =    "",
  OPTannote =    "",
  DOI =    "10.1103/PhysRevA.53.2046"
}

@Article{KnLa97,
  author =   "Knill, Emanuel and Laflamme, Raymond",
  title =    "Theory of quantum error-correcting codes",
  journal =    "Physical Review A",
  year =   "1997",
  OPTkey =   "",
  volume =   "55",
  number =   "6",
  month =  feb,
  pages =  "900-911",
  OPTnote =    "",
  OPTannote =    "",
  DOI =    "10.1103/PhysRevA.55.900"
}

@InProceedings{ShorFT96,
  author =   "Shor, Peter W.",
  title =    "Fault-tolerant quantum computation",
  booktitle =    "Proceedings 37th Annual Symposium on Foundations of
                  Computer Science", 
  OPTcrossref =  "",
  OPTkey =   "",
  OPTeditor =    "",
  OPTvolume =    "",
  OPTnumber =    "",
  OPTseries =    "",
  year =   "1996",
  OPTorganization = "",
  OPTpublisher = "",
  OPTaddress =   "",
  month =  oct,
  pages =  "56-65",
  OPTnote =    "",
  OPTannote =    "",
  DOI =    "10.1109/SFCS.1996.548464"
}

@Article{GBP97,
  author =   "Grassl, Markus and Beth, Thomas and Pellizzari, Thomas",
  title =    "Codes for the quantum erasure channel",
  journal =    "Physical Review A",
  year =   "1997",
  OPTkey =   "",
  volume =   "56",
  number =   "6",
  month =  jul,
  pages =  "33-38",
  OPTnote =    "",
  OPTannote =    "",
  DOI =    "10.1103/PhysRevA.56.33"
}

@Article{Rai99,
  author =   "Rains, Eric~M.",
  title =    "Nonbinary Quantum Codes",
  journal =    "IEEE Transactions on Information Theory",
  year =   "1999",
  OPTkey =   "",
  volume =   "45",
  number =   "6",
  month =  sep,
  pages =  "1827-1832",
  OPTnote =  "Preprint quant-ph/9703048",
  OPTannote =    "",
  DOI =    "10.1109/18.782103"
}

@InProceedings{GrRo15,
  author =   "Grassl, Markus and R{\"o}tteler, Martin",
  title =    "Quantum {MDS} codes over small fields",
  booktitle =    "Proceedings 2015 IEEE International Symposium on
                  Information Theory (ISIT)",
  OPTcrossref =  "",
  OPTkey =   "",
  OPTeditor =    "",
  OPTvolume =    "",
  OPTnumber =    "",
  OPTseries =    "",
  year =   "2015",
  OPTorganization = "",
  OPTpublisher = "",
  OPTaddress =   "",
  month =  jun,
  pages =  "1104-1108",
  OPTnote =    "",
  OPTannote =    "",
  DOI =    "10.1109/ISIT.2015.7282626"
}

@Book{MS77,
  author =   "MacWilliams, Florence~J. and Sloane, Neil~J.~A.",
  title =    "The Theory of Error-Correcting Codes",
  publisher =    "North-Holland",
  year =   "1977",
  OPTcrossref =  "",
  OPTkey =   "",
  OPTeditor =    "",
  OPTvolume =    "",
  OPTnumber =    "",
  OPTseries =    "",
  address =  "Amsterdam",
  OPTedition =   "",
  OPTmonth =   "",
  OPTnote =    "",
  OPTannote =  ""
}

@Article{FCX16,
  author =   "Fan, Jihao and Chen, Hanwu and Xu, Juan",
  title =    "Constructions of $q$-ary Entanglement-Assisted
                  Quantum {MDS} Codes with Minimum Distance Greater
                  than $q+1$",
  journal =    "Quantum Information and Computation",
  year =   "2016",
  OPTkey =   "",
  volume =   "16",
  number =   "5\,\&\,6",
  OPTmonth =   "",
  pages =  "423-434",
  OPTnote =    "",
  OPTannote =    ""
}

@Article{Gri60,
  author =   "Griesmer, Jaes Hugo",
  title =    "A Bound for Error-Correcting Codes",
  journal =    "IBM Journal of Research and Development",
  year =   "1960",
  OPTkey =   "",
  volume =   "4",
  number =   "5",
  month =  nov,
  pages =  "532-542",
  OPTnote =    "",
  OPTannote =    "",
  DOI =    "10.1147/rd.45.0532"
}

@Article{SoSt65,
  author =   "Solomon, Gustave and Stiffler, Jack J.",
  title =    "Algebraically punctured cyclic codes",
  journal =    "Information and Control",
  year =   "1965",
  OPTkey =   "",
  volume =   "8",
  number =   "2",
  month =  apr,
  pages =  "170-179",
  OPTnote =    "",
  OPTannote =    "",
  DOI =    "10.1016/S0019-9958(65)90080-X"
}

@Article{KHB08,
  author =   "Kremsky, Isaac and Hsieh, Min-Hsiu  and Brun, Todd
                  A.", 
  title =    "Classical enhancement of quantum-error-correcting codes",
  journal =    "Physical Review A",
  year =   "2008",
  OPTkey =   "",
  volume =   "78",
  number =   "1",
  month =  jul,
  pages =  "012341",
  OPTnote =    "",
  OPTannote =    "",
  DOI =    "http://dx.doi.org/10.1103/PhysRevA.78.012341"
}

@Article{DeSh05,
  author =   "Devetak, Igor and Shor, Peter W.",
  title =    "The Capacity of a Quantum Channel for Simultaneous
                  Transmission of Classical and Quantum Information",
  journal =    "Communications in Mathematical Physics",
  year =   "2005",
  OPTkey =   "",
  volume =   "256",
  number =   "2",
  month =  jun,
  pages =  "287-303",
  OPTnote =    "",
  OPTannote =    ""
}

@InProceedings{GrRo08,
  author =   "Grassl, Markus and R{\"o}tteler, Martin",
  title =    "Quantum {G}oethals-{P}reparata Codes",
  booktitle =    "Proceedings 2008 IEEE International Symposium on Information Theory (ISIT 2008)",
  OPTcrossref =  "",
  OPTkey =   "",
  OPTeditor =    "",
  OPTvolume =    "",
  OPTnumber =    "",
  OPTseries =    "",
  year =   "2008",
  OPTorganization = "",
  OPTpublisher = "",
  address =  "Toronto, Canada",
  month =  jul,
  pages =  "300-304",
  OPTnote =    "",
  OPTannote =    ""
}

@Article{CSSZ09,
  author =   "Cross, Andrew and Smith, Graeme and Smolin, John
                  A. and Zeng, Bei",
  title =    "Codeword Stabilized Quantum Codes",
  journal =    "IEEE Transactions on Information Theory",
  year =   "2009",
  OPTkey =   "",
  volume =   "55",
  OPTnumber =    "1",
  month =  jan,
  pages =  "433-438",
  OPTnote =    "",
  OPTannote =    "",
  OPTDOI =   "http://dx.doi.org/10.1109/TIT.2008.2008136"
}

@Article{CRSS98,
  author =   "Calderbank, A.~Robert and Rains, Eric.~M. and Shor,
                  Peter~W. and Sloane, Neil~J.~A.",
  title =    "Quantum Error Correction Via Codes over {$GF(4)$}",
  journal =    "IEEE Transactions on Information Theory",
  year =   "1998",
  OPTkey =   "",
  volume =   "44",
  number =   "4",
  month =  jul,
  pages =  "1369-1387",
  OPTnote =  "",
  OPTannote =    ""
}

@Article{DaPa06,
  author =   " Danielsen, Lars Eirik and  Parker, Matthew G.",
  title =    "On the classification of all self-dual additive
                  codes over {$GF(4)$} of length up to $12$", 
  journal =    "Journal of Combinatorial Theory, Series A",
  year =   "2006",
  OPTkey =   "",
  volume =   "113",
  number =   "7",
  month =  oct,
  pages =  "1351-1367",
  OPTnote =    "",
  OPTannote =    ""
}

@Misc{Danielsen_web,
  OPTkey =   "",
  author =   "Danielsen, Lars Eirik",
  title =  "Database of Self-Dual Quantum Codes",
  howpublished = "online available at \url{http://www.ii.uib.no/~larsed/vncorbits/}",
  OPTyear =    "",
  OPTmonth =   "",
  OPTnote =    "",
  OPTannote =    ""
}

@PhdThesis{gottesman1997stabilizer,
  author =   "Gottesman, Daniel",
  title =    "Stabilizer codes and quantum error correction",
  school =   "California Institute of Technology",
  year =   "1997",
  OPTkey =   "",
  address =  "Pasadena, USA",
  OPTtype =    "",
  OPTmonth =   "",
  OPTnote =    "arXiv preprint quant-ph/9705052",
  OPTannote =    ""
}

@Article{hsieh2010entanglement,
  author =   "Hsieh, Min-Hsiu and Wilde, Mark M.",
  title =    "Entanglement-assisted communication of classical and quantum information",
  journal =    "IEEE Transactions on Information Theory",
  year =   "2010",
  OPTkey =   "",
  volume =   "56",
  number =   "9",
  month =  sep,
  pages =  "4682-4704",
  OPTnote =    "",
  OPTannote =    ""
}

@Article{hsieh2010trading,
  author =   "Hsieh, Min-Hsiu and Wilde, Mark M.",
  title =    "Trading classical communication, quantum communication, and entanglement in quantum Shannon theory",
  journal =    "IEEE Transactions on Information Theory",
  year =   "2010",
  OPTkey =   "",
  volume =   "56",
  number =   "9",
  month =  sep,
  pages =  "4705-4730",
  OPTnote =    "",
  OPTannote =    ""
}

@PhdThesis{yard2005simultaneous,
  author =   "Yard, Jon",
  title =    "Simultaneous classical-quantum capacities of quantum multiple access channels",
  school =   "Stanford University",
  year =   "2005",
  OPTkey =   "",
  address =  "Stanford, USA",
  OPTtype =    "",
  OPTmonth =   "",
  OPTnote =    "arXiv preprint quant-ph/0506050",
  OPTannote =    ""
}

@Book{wilde2013quantum,
  author =   "Wilde, Mark M.",
  title =    "Quantum Information Theory",
  publisher =    "Cambridge University Press",
  year =   "2013",
  OPTkey =   "",
  OPTeditor =    "",
  OPTvolume =    "",
  OPTnumber =    "",
  OPTseries =    "",
  address =  "Cambridge",
  OPTedition =   "",
  OPTmonth =   "",
  OPTnote =    "",
  OPTannote =    ""
}

@Article{Rains99,
  author =   "Rains, Eric M. ",
  title =    "Quantum shadow enumerators",
  journal =    "IEEE Transactions on Information Theory",
  year =   "1999",
  OPTkey =   "",
  volume =   "45",
  number =   "7",
  month =  nov,
  pages =  "2361-2366",
  OPTnote =    "",
  OPTannote =    "",
  OPTDOI =   "http://dx.doi.org/10.1109/18.796376"
}

@Article{BKK07,
  author =   "B{\'e}ny, C{\'e}dric and Kempf, Achim and Kribs, David W.",
  title =    "Generalization of Quantum Error Correction via the {H}eisenberg Picture",
  journal =    "Physical Review Letters",
  year =   "2007",
  OPTkey =   "",
  volume =   "98",
  number =   "7",
  month =  mar,
  pages =  "100502",
  OPTnote =    "",
  OPTannote =    "",
  OPTDOI =   "http://dx.doi.org//10.1103/PhysRevLett.98.100502"
}

@Misc{Grassl:codetables,
  author =       "Grassl, Markus",
  title =        "{Bounds on the minimum distance of linear codes and quantum codes}",
  howpublished = "Online available at \url{http://www.codetables.de}",
  year =         "2007",
  OPTnote =         "Accessed on 2017-02-06"
}
